

@techreport{relatorio-idc,
	Annote = {Este documento {\'e} derivado do
	\cite{abnt-bibtex-doc}},
	Author = {Reinsel, D. e Gantz, J. e Rydning, J.},
	year = {2018},
	month={1},
	institution = {International Data Corporation (IDC)},
	Title = {The Digitization of the World, From Edge to Core}
}

@techreport{relatorio-cisco,
	Annote = {Este documento {\'e} derivado do
	\cite{abnt-bibtex-doc}},
	Author = {Cisco},
	institution = {Cisco},
	Title = {Cisco Annual Internet Report (2018–2023)},
	Year = {2020}
}

@techreport{domo-study,
	Annote = {Este documento {\'e} derivado do
	\cite{abnt-bibtex-doc}},
	Author = {Domo},
	institution = {Domo},
	Title = {Data Never Sleeps 8.0},
	Year = {2020}
}

@book{book-compact-data-structures,
	Author = {Navarro,G.},
	PUBLISHER = {Sheridan Books, Inc},
	Title = {Compact data structures:a practical approach},
	Year = {2016},
	address = {New York, NY, USA},
	Edition = {1}
}

@book{book-computer-architecutre,
	Author = {Hennessy, J. L. e Patterson, D. A.},
	PUBLISHER = {Elsevier},
	Title = {Arquitetura de Computadores: Uma Abordagem Quantitativa},
	Year = {2014},
	Edition = {Quinta},
	address={Rio de Janeiro, RJ, BR}
}

%Cormen, T. H. e  Leiserson, C.E.  e Rivest,R.L. e  Stein,C.
@book{book-algoritmos-teoria-pratica,
	Author = {Cormen, T. H. \textit{et. al.}},
	PUBLISHER  = {Elsevier},
	Title = {Algoritmos},
	Year = {2012},
	Edition = {Third},
	address = {Rio de Janeiro, RJ, Brasil}
}

@book{book-inteligencia-artificial,
	Author = {Russell, S. e  Norvig, P.},
	PUBLISHER = {Elsevier},
	Title = {Inteligência Artificial},
	Year = {2013},
	Edition = {Third},
	address = {Rio de Janeiro, RJ, Brasil}
}

@inproceedings{paper-fully-functinal-succint-trees,
	Author = {Sadakane, K. e Navarro, G.},
	PUBLISHER = {Society for Industrial and Applied Mathematics},
	Title = {Fully-Functional Succinct Trees},
	Year = {2010},
}

@inproceedings{paper-simple-and-efficient-fully-functional-succinct-trees,
	Author = {Cordova, J. e Navarro, G.},
	PUBLISHER = {Theoretical Computer Science},
	Title = {Simple and Efficient Fully-Functional Succinct Trees},
	year = {2016},
    issue_date = {December 2016},
    address = {GBR},
    volume = {656},
    number = {PB},
    issn = {0304-3975},
    journal = {Theor. Comput. Sci.},
    month = dec,
    pages = {135–145}
}

%Arroyuelo, D. e  C\'anovas,R. e Navarro,G. e Sadakane,K.
@inproceedings{paper-succint-trees-in-practice,
	Author = {Arroyuelo, D. \textit{et. al.}},
    title = {Succinct Trees in Practice},
    year = {2010},
    month= {07},
    PUBLISHER = {Society for Industrial and Applied Mathematics},
    address = {Austin, Texas, USA},
    booktitle = {Proceedings of the Meeting on Algorithm Engineering {\&} Expermiments},
    pages = {84–97},
    numpages = {14},
    series = {ALENEX '10},
    isbn = {978-0-89871-931-4}
    
}

@inproceedings{paper-succint-representation-of-balanced-parentheses,
	Author = {Munro, J. I. e Raman, V.},
	PUBLISHER = {Society for Industrial and Applied Mathematics},
	booktitle={Proceedings 38th Annual Symposium on Foundations of Computer Science}, 
    title={Succinct representation of balanced parentheses, static trees and planar graphs}, 
    year={1997},
    volume={},
    number={},
    pages={118-126},
    doi={10.1109/SFCS.1997.646100},
}

@article{paper-processor-memory-bottleneck,
	Author = {Efnusheva, D.; Cholakoska, A. e Tentov, A. M.},
	Organization = {International Journal of Computer Science {\&} Information Technology},
	Title = {A survey of different approaches for overcoming the processor-memory bottleneck},
	journal={Computer Science and Information Technology},
    year={2017},
    volume={9},
    number = {2},
    pages={151-163}
}

@article{paper-Processor-Memory-bottleneck-Problems-Solutions,
	Author = {Mahapatra, N. R. e Venkatrao, B.},
    title = {The Processor-Memory Bottleneck: Problems and Solutions},
    year = {1999},
    issue_date = {Spring 1999},
    Organization = {Association for Computing Machinery},
    address = {New York, NY, USA},
    volume = {5},
    number = {3es},
    issn = {1528-4972},
    journal = {XRDS},
    month = apr,
    pages = {2–es}
}

@inproceedings{paper-gap-between-processor-memory,
  title     = {The gap between processor and memory speeds},
  author    = {Carvalho, C.},
  booktitle = {Proc. of IEEE International Conference on Control and Automation},
  PUBLISHER = {},
  year      = {2002}
}

@inproceedings{paper-making-btree-cache,
Author = {Rao, J. e Ross, K. A.},
title = {Making B+- Trees Cache Conscious in Main Memory},
year = {2000},
isbn = {1581132174},
publisher = {Association for Computing Machinery},
address = {New York, NY, USA},
url = {https://doi.org/10.1145/342009.335449},
}

@inproceedings{paper-effect-node-size-cache-b-trees,
Author = {Hankins, R. A. e Patel, J. M.},
Title = {Effect of Node Size on the Performance of Cache-Conscious B+-trees},
Year = {2003},
PUBLISHER ={ACM SIGMETRICS international conference},
volume={29},
pages={475--476}
}

@MISC{datasets-inf-udec,
  author = {Navarro, Gonzalo},
  title = {Par{\^e}nteses balanceados},
  howpublished={\url{http://www.inf.udec.cl/~jfuentess/datasets/sequences.php}},
  urldate = {2021-08-24}
}

@inproceedings{coira-feranando,
  title={Compact data structures for large and complex datasets},
  author={Coira, F. S.},
  year={2017}
}
%year = 1999,
