@article{report-cisco,
	Author = {Cisco},
	journal = {Cisco},
	Title = {Cisco Annual Internet Report (2018–2023)},
	Year = {2020},
}

@article{relatorio-idc,
	Author = {Reinsel, D. and Gantz, J. and Rydning, J.},
	year = {2018},
	month={1},
	journal = {International Data Corporation (IDC)},
	Title = {The Digitization of the World, From Edge to Core}
}

@MISC{data-never-sleeps,
  author = {Domo},
  title = {Data Never Sleeps 8.0},
  howpublished={\url{https://www.domo.com/learn/infographic/data-never-sleeps-8}},
  year         = {2020},
  urldate = {2021-09-05},
  note = {Online; acesso  em 05 de set. de 2021},
}


@book{book-computer-architecutre,
	Author = {Hennessy, J. L. and Patterson, D. A.},
	PUBLISHER = {Elsevier},
	Title = {Computer Architecture: A Quantitative Approach},
	Year = {2012},
	Edition = {Fifth},
	address={Waltham, MA, USA}
}

@book{book-compact-data-structures,
	Author = {Navarro,G.},
	PUBLISHER = {Sheridan Books, Inc},
	Title = {Compact data structures:a practical approach},
	Year = {2016},
	address = {New York, NY, USA},
	Edition = {1}
}

@inproceedings{paper-fully-functinal-succint-trees,
	Author = {Sadakane, K. and Navarro, G.},
	year = {2010},
	title = {Fully-Functional Succinct Trees},
    publisher = {Society for Industrial and Applied Mathematics},
    address = {USA},
	booktitle = {Proceedings of the Twenty-First Annual ACM-SIAM Symposium on Discrete Algorithms},
    pages = {134–149},
    location = {Austin, Texas}
}

@inproceedings{paper-making-btree-cache,
    author = {Rao, Jun and Ross, Kenneth A.},
    title = {Making B+- Trees Cache Conscious in Main Memory},
    year = {2000},
    publisher = {Association for Computing Machinery},
    address = {New York, NY, USA},
    booktitle = {Proceedings of the 2000 ACM SIGMOD International Conference on Management of Data},
    pages = {475–486},
    location = {Dallas, Texas, USA}
}


@article{fig-gap-processor-memory,
author = {Patterson, David and Anderson, Thomas and Cardwell, Neal and Fromm, Richard and Keeton, Kimberly and Kozyrakis, Christoforos and Thomas, I and Yelick, Katherine},
year = {1997},
month = {03},
pages = {},
title = {A Case for Intelligent RAM: IRAM}
}

@inproceedings{paper-gap-between-processor-memory,
  title     = {The gap between processor and memory speeds},
  author    = {Carvalho, C.},
  booktitle = {Proc. of IEEE International Conference on Control and Automation},
  PUBLISHER = {},
  year      = {2002},
  pages     = { },
  address = { },
  isbn = { },
}

@MISC{datasets-inf-udec,
  author = {Fuentes, J.  e Navarro, G.},
  title = {Par{\^e}nteses balanceados},
  howpublished={\url{http://www.inf.udec.cl/~jfuentess/datasets/parentheses.php}},
  year         = {2016},
  urldate = {2021-08-24},
  note = {Online; acesso  em 24 de ago. de 2021},
}


@inproceedings{paper-effect-node-size-cache-b-trees,
Author = {Hankins, R. A. e Patel, J. M.},
Title = {Effect of Node Size on the Performance of Cache-Conscious B+-trees},
Year = {2003},
PUBLISHER ={ACM SIGMETRICS international conference},
volume={29},
pages={475--476}
}